@ARTICLE{bowman:reasoning,
	AUTHOR = "Mic Bowman and Saumya K. Debray and Larry L. Peterson",
	TITLE = "Reasoning About Naming Systems",
	JOURNAL = "ACM Trans. Program. Lang. Syst.",
	VOLUME = {15},
	NUMBER = {5},
	PAGES = {795-825},
	MONTH = "November",
	YEAR = {1993}	}

@ARTICLE{braams:babel,
	AUTHOR = "Johannes Braams",
	TITLE = "Babel, a Multilingual Style-Option System for Use with LaTeX's Standard Document Styles",
	JOURNAL = {TUGboat},
	VOLUME = {12},
	NUMBER = {2},
	PAGES = {291-301},
	MONTH = "June",
	YEAR = {1991}	}

@INPROCEEDINGS{clark:pct,
	AUTHOR = "Malcolm Clark",
	TITLE = "Post Congress Tristesse",
	BOOKTITLE = "TeX90 Conference Proceedings",
	PAGES = "84-89",
	ORGANIZATION = "TeX Users Group",
	MONTH = "March", 
	YEAR = {1991}	}

@ARTICLE{herlihy:methodology,
	AUTHOR = "Maurice Herlihy",
	TITLE = "A Methodology for Implementing Highly Concurrent
	Data Objects",
	JOURNAL = {ACM Trans. Program. Lang. Syst.},
	VOLUME = {15},
	NUMBER = {5},
	PAGES = {745-770},
	MONTH = "November",
	YEAR = {1993}	}

@BOOK{Lamport:LaTeX,
	AUTHOR = "Leslie Lamport",
	TITLE = "LaTeX User's Guide and Document Reference Manual",
	PUBLISHER = "Addison-Wesley Publishing Company",
	ADDRESS = "Reading, Massachusetts",
	YEAR = "1986"	}

@BOOK{salas:calculus,
	AUTHOR = "S.L. Salas and Einar Hille",
	TITLE = "Calculus: One and Several Variable",
	PUBLISHER = "John Wiley and Sons",
	ADDRESS = "New York",
	YEAR = "1978"	}


@inproceedings{Keller:1997:InstantRadiosity,
 author = {Keller, Alexander},
 title = {Instant Radiosity},
 booktitle = {Proceedings of the 24th Annual Conference on Computer Graphics and Interactive Techniques},
 series = {SIGGRAPH '97},
 year = {1997},
 isbn = {0-89791-896-7},
 pages = {49--56},
 numpages = {8},
 url = {http://dx.doi.org/10.1145/258734.258769},
 doi = {10.1145/258734.258769},
 acmid = {258769},
 publisher = {ACM Press/Addison-Wesley Publishing Co.},
 address = {New York, NY, USA},
 keywords = {Monte Carlo integration, accumulation buffer, hardware, jittered low discrepany sampling, photorealism, quasi-Monte Carlo integration, quasi-random walk, radiance equation, radiosity, realtime rendering algorithms, shading},
}

@article{Dachsbacher:2014:ManyLights,
    title       = {Scalable Realistic Rendering with Many-Light Methods},
    author      = {Dachsbacher, Carsten and K\v{r}iv\'{a}nek, Jaroslav and Ha\v{s}an, Milo\v{s} 
                   and Arbree, Adam and Walter, Bruce and Nov\'{a}k, Jan},
    journal     = {Computer Graphics Forum},
    volume      = {33},
    number      = {1},
    pages       = {88--104},
    year        = {2014},
    issn        = {1467-8659},
}

@inproceedings{Dachsbacher:2009:RTGI-SIGGRAPH2009Course,
 author = {Dachsbacher, Carsten and Kautz, Jan},
 title = {Real-time Global Illumination for Dynamic Scenes},
 booktitle = {ACM SIGGRAPH 2009 Courses},
 series = {SIGGRAPH '09},
 year = {2009},
 location = {New Orleans, Louisiana},
 pages = {19:1--19:217},
 articleno = {19},
 numpages = {217},
 url = {http://doi.acm.org/10.1145/1667239.1667258},
 doi = {10.1145/1667239.1667258},
 acmid = {1667258},
 publisher = {ACM},
 address = {New York, NY, USA},
} 

@inproceedings{Krivanek:2012:ORR-SIGGRAPH2012Course,
 author = {K{\v{r}}iv{\'a}nek, Jaroslav and Ha{\v{s}}an, Milo{\v{s}} and Arbree, Adam and Dachsbacher, Carsten and Keller, Alexander and Walter, Bruce},
 title = {Optimizing realistic rendering with many-light methods},
 booktitle = {ACM SIGGRAPH 2012 Courses},
 series = {SIGGRAPH '12},
 year = {2012},
 isbn = {978-1-4503-1678-1},
 location = {Los Angeles, California},
 pages = {7:1--7:217},
 articleno = {7},
 numpages = {217},
 url = {http://doi.acm.org/10.1145/2343483.2343490},
 doi = {10.1145/2343483.2343490},
 acmid = {2343490},
 publisher = {ACM},
 address = {New York, NY, USA},
} 

@inproceedings{Olsson:2014:VSM,
 author = {Olsson, Ola and Sintorn, Erik and K\"{a}mpe, Viktor and Billeter, Markus and Assarsson, Ulf},
 title = {Efficient Virtual Shadow Maps for Many Lights},
 booktitle = {Proceedings of the 18th Meeting of the ACM SIGGRAPH Symposium on Interactive 3D Graphics and Games},
 series = {I3D '14},
 year = {2014},
 isbn = {978-1-4503-2717-6},
 location = {San Francisco, California},
 pages = {87--96},
 numpages = {10},
 url = {http://doi.acm.org/10.1145/2556700.2556701},
 doi = {10.1145/2556700.2556701},
 acmid = {2556701},
 publisher = {ACM},
 address = {New York, NY, USA},
 keywords = {cube map, real-time, shadows, virtual},
} 

@inproceedings{Olsson:2014:VSM-Implementing,
 author = {Olsson, Ola and Sintorn, Erik and K\"{a}mpe, Viktor and Billeter, Markus and Assarsson, Ulf},
 title = {Implementing Efficient Virtual Shadow Maps for Many Lights},
 booktitle = {ACM SIGGRAPH 2014 Talks},
 series = {SIGGRAPH '14},
 year = {2014},
 isbn = {978-1-4503-2960-6},
 location = {Vancouver, Canada},
 pages = {50:1--50:1},
 articleno = {50},
 numpages = {1},
 url = {http://doi.acm.org/10.1145/2614106.2614202},
 doi = {10.1145/2614106.2614202},
 acmid = {2614202},
 publisher = {ACM},
 address = {New York, NY, USA},
}

@inproceedings{Dachsbacher:2005:RSM,
 author = {Dachsbacher, Carsten and Stamminger, Marc},
 title = {Reflective Shadow Maps},
 booktitle = {Proceedings of the 2005 Symposium on Interactive 3D Graphics and Games},
 series = {I3D '05},
 year = {2005},
 isbn = {1-59593-013-2},
 location = {Washington, District of Columbia},
 pages = {203--231},
 numpages = {29},
 url = {http://doi.acm.org/10.1145/1053427.1053460},
 doi = {10.1145/1053427.1053460},
 acmid = {1053460},
 publisher = {ACM},
 address = {New York, NY, USA},
 keywords = {hardware-assisted rendering, indirect illumination},
} 

@inproceedings{Laurent:2016:Stochastic,
 author = {Laurent, Gilles and Delalandre, Cyril and de La Rivi\`{e}re, Gr{\'e}goire and Boubekeur, Tamy},
 title = {A Stochastic and Scalable Approach for Real-time Global Illumination},
 booktitle = {Proceedings of the 20th ACM SIGGRAPH Symposium on Interactive 3D Graphics and Games},
 series = {I3D '16},
 year = {2016},
 isbn = {978-1-4503-4043-4},
 location = {Redmond, Washington},
 pages = {183--184},
 numpages = {2},
 url = {http://doi.acm.org/10.1145/2856400.2876005},
 doi = {10.1145/2856400.2876005},
 acmid = {2876005},
 publisher = {ACM},
 address = {New York, NY, USA},
 keywords = {CAD, graphics hardware, interactive global illumination, simplification/level of detail},
} 

@article{georgiev2010simple,
  title={Simple and robust iterative importance sampling of virtual point lights},
  author={Georgiev, Iliyan and Slusallek, Philipp},
  journal={Proceedings of Eurographics (short papers)},
  volume={4},
  year={2010}
}



@article {ritschel2011ismsViewAdaptive,
	author = {Ritschel, Tobias and Eisemann, Elmar and Ha, Inwoo and Kim, James D. K. and Seidel, Hans-Peter},
	title = {Making Imperfect Shadow Maps View-Adaptive: High-Quality Global Illumination in Large Dynamic Scenes},
	journal = {Computer Graphics Forum},
	volume = {30},
	number = {8},
	publisher = {Blackwell Publishing Ltd},
	issn = {1467-8659},
	url = {http://dx.doi.org/10.1111/j.1467-8659.2011.01998.x},
	doi = {10.1111/j.1467-8659.2011.01998.x},
	pages = {2258--2269},
	keywords = {global illumination, instant radiosity, I.3.7 [Computer Graphics]: Three-Dimensional Graphics and Realismâ€”I.3.3 [Computer Graphics]: Color, Shading, Shadowing and Texture},
	year = {2011},
}

@inproceedings{laine2007incremental,
 author = {Laine, Samuli and Saransaari, Hannu and Kontkanen, Janne and Lehtinen, Jaakko and Aila, Timo},
 title = {Incremental Instant Radiosity for Real-time Indirect Illumination},
 booktitle = {Proceedings of the 18th Eurographics Conference on Rendering Techniques},
 series = {EGSR'07},
 year = {2007},
 isbn = {978-3-905673-52-4},
 location = {Grenoble, France},
 pages = {277--286},
 numpages = {10},
 url = {http://dx.doi.org/10.2312/EGWR/EGSR07/277-286},
 doi = {10.2312/EGWR/EGSR07/277-286},
 acmid = {2383883},
 publisher = {Eurographics Association},
 address = {Aire-la-Ville, Switzerland, Switzerland},
} 

@inproceedings{wiesenhutter2013lightcluster,
  title={LightCluster: clustering lights to accelerate shadow computation},
  author={Wiesenh{\"u}tter, Daniel and Klein, Andreas and Nischwitz, Alfred},
  booktitle={ACM SIGGRAPH 2013 Posters},
  pages={101},
  year={2013},
  organization={ACM}
}

@inproceedings{dong2009real,
  title={Real-time Indirect Illumination with Clustered Visibility.},
  author={Dong, Zhao and Grosch, Thorsten and Ritschel, Tobias and Kautz, Jan and Seidel, Hans-Peter},
  booktitle={VMV},
  pages={187--196},
  year={2009}
}

@inproceedings{prutkin2012reflective,
  title={Reflective Shadow Map Clustering for Real-Time Global Illumination.},
  author={Prutkin, Roman and Kaplanyan, Anton and Dachsbacher, Carsten},
  booktitle={Eurographics (Short Papers)},
  pages={9--12},
  year={2012}
}

@article{weinzierlefficient,
  title={Efficient VAL-based Real-Time Global Illumination},
  author={Weinzierl-Heigl, Christoph and Preiner, Supervised Reinhold}
}


@inproceedings{barak2013temporally,
  title={Temporally coherent adaptive sampling for imperfect shadow maps},
  author={Bar{\'a}k, Tom{\'a} and Bittner, Jir{\'\i} and Havran, Vlastimil},
  booktitle={Computer Graphics Forum},
  volume={32},
  number={4},
  pages={87--96},
  year={2013},
  organization={Wiley Online Library}
}

@inproceedings{hedman2016sequential,
 author = {Hedman, Peter and Karras, Tero and Lehtinen, Jaakko},
 title = {Sequential Monte Carlo Instant Radiosity},
 booktitle = {Proceedings of the 20th ACM SIGGRAPH Symposium on Interactive 3D Graphics and Games},
 series = {I3D '16},
 year = {2016},
 isbn = {978-1-4503-4043-4},
 location = {Redmond, Washington},
 pages = {121--128},
 url = {http://doi.acm.org/10.1145/2856400.2856406},
 numpages = {8},
 doi = {10.1145/2856400.2856406},
 acmid = {2856406},
 publisher = {ACM},
 address = {New York, NY, USA},
 keywords = {global illumination, instant radiosity},
}

@mastersthesis{knecht2009real,
  title =      "Real-Time Global Illumination Using Temporal Coherence",
  author =     "Martin Knecht",
  year =       "2009",
  month =      jul,
  address =    "Favoritenstrasse 9-11/186, A-1040 Vienna, Austria",
  school =     "Institute of Computer Graphics and Algorithms, Vienna
               University of Technology",
  keywords =   "Real Time Rendering, Global Illumination, Instant Radiosity,
               Temporal Coherence",
  URL =        "https://www.cg.tuwien.ac.at/research/publications/2009/knecht-2009-MKN/",
}

@article{ritschel2008ism,
  title={Imperfect shadow maps for efficient computation of indirect illumination},
  author={Ritschel, Tobias and Grosch, Thorsten and Kim, Min H and Seidel, H-P and Dachsbacher, Carsten and Kautz, Jan},
  journal={ACM Transactions on Graphics (TOG)},
  volume={27},
  number={5},
  pages={129},
  year={2008},
  publisher={ACM}
}

@unpublished{evans2015dreams,
	title= {Learning from Failure: a Survey of Promising, Unconventional and Mostly Abandoned Renderers for ``Dreams PS4'', a Geometrically Dense, Painterly UGC Game},
	author = {Alex Evans},
	year = {2015},
	note= {SIGGRAPH 2015},
	URL= {http://advances.realtimerendering.com/s2015/},
}

@inproceedings{hollander2011manylods,
  title={ManyLoDs: Parallel Many-View Level-of-Detail Selection for Real-Time Global Illumination},
  author={Hollander, Matthias and Ritschel, Tobias and Eisemann, Elmar and Boubekeur, Tamy},
  booktitle={Computer Graphics Forum},
  volume={30},
  number={4},
  pages={1233--1240},
  year={2011},
  organization={Wiley Online Library}
}

@inproceedings{sugihara2014layered,
  title={Layered Reflective Shadow Maps for Voxel-based Indirect Illumination.},
  author={Sugihara, Masamichi and Rauwendaal, Randall and Salvi, Marco},
  booktitle={High Performance Graphics},
  pages={117--125},
  year={2014}
}

@inproceedings{chen2016quantizing,
  title={Quantizing Intersections Using Compact Voxels},
  author={Chen, Y-Y and Chen, Y-J and Chien, S-Y},
  booktitle={Computer Graphics Forum},
  year={2016},
  organization={Wiley Online Library}
}

@Inbook{sun2015manylightsSVO,
author="Sun, Che
and Agu, Emmanuel",
editor="Bebis, George
and Boyle, Richard
and Parvin, Bahram
and Koracin, Darko
and Pavlidis, Ioannis
and Feris, Rogerio
and McGraw, Tim
and Elendt, Mark
and Kopper, Regis
and Ragan, Eric
and Ye, Zhao
and Weber, Gunther",
chapter="Many-Lights Real Time Global Illumination Using Sparse Voxel Octree",
title="Advances in Visual Computing: 11th International Symposium, ISVC 2015, Las Vegas, NV, USA, December 14-16, 2015, Proceedings, Part II",
year="2015",
publisher="Springer International Publishing",
address="Cham",
pages="150--159",
isbn="978-3-319-27863-6",
doi="10.1007/978-3-319-27863-6_14",
url="http://dx.doi.org/10.1007/978-3-319-27863-6_14"
}

@inproceedings{noel2014giTopological,
  title={Real-Time Global Illumination for Games using Topological Information},
  author={No{\"e}l, Laurent and Biri, Venceslas},
  booktitle={International Conference on Computer Games, Multimedia \& Allied Technology (CGAT). Proceedings},
  pages={65},
  year={2014},
  organization={Global Science and Technology Forum}
}

@inproceedings{segovia2006bidirectional,
  title={Bidirectional Instant Radiosity.},
  author={Segovia, Benjamin and Iehl, Jean Claude and Mitanchey, Richard and P{\'e}roche, Bernard},
  booktitle={Rendering Techniques},
  pages={389--397},
  year={2006}
}

@inproceedings{dachsbacher2006splatting,
  title={Splatting indirect illumination},
  author={Dachsbacher, Carsten and Stamminger, Marc},
  booktitle={Proceedings of the 2006 symposium on Interactive 3D graphics and games},
  pages={93--100},
  year={2006},
  organization={ACM}
}

@inproceedings{Nichols:2009:splatting,
 author = {Nichols, Greg and Wyman, Chris},
 title = {Multiresolution Splatting for Indirect Illumination},
 booktitle = {Proceedings of the 2009 Symposium on Interactive 3D Graphics and Games},
 series = {I3D '09},
 year = {2009},
 isbn = {978-1-60558-429-4},
 location = {Boston, Massachusetts},
 pages = {83--90},
 numpages = {8},
 url = {http://doi.acm.org/10.1145/1507149.1507162},
 doi = {10.1145/1507149.1507162},
 acmid = {1507162},
 publisher = {ACM},
 address = {New York, NY, USA},
 keywords = {global illumination, hardware-assisted rendering, interactive rendering},
} 


@inproceedings{nichols2009hierarchical,
  title={Hierarchical Image-Space Radiosity for Interactive Global Illumination},
  author={Nichols, Greg and Shopf, Jeremy and Wyman, Chris},
  booktitle={Computer Graphics Forum},
  volume={28},
  number={4},
  pages={1141--1149},
  year={2009},
  organization={Wiley Online Library}
}

@article{ritschel2009micro,
  title={Micro-rendering for scalable, parallel final gathering},
  author={Ritschel, Tobias and Engelhardt, Thomas and Grosch, Thorsten and Seidel, H-P and Kautz, Jan and Dachsbacher, Carsten},
  journal={ACM Transactions on Graphics (TOG)},
  volume={28},
  number={5},
  pages={132},
  year={2009},
  publisher={ACM}
}



@inproceedings{sloan2007image,
  title={Image-based proxy accumulation for real-time soft global illumination},
  author={Sloan, Peter-Pike and Govindaraju, Naga K and Nowrouzezahrai, Derek and Snyder, John},
  booktitle={Computer Graphics and Applications, 2007. PG'07. 15th Pacific Conference on},
  pages={97--105},
  year={2007},
  organization={IEEE}
}


@inproceedings{segovia2006non,
  title={Non-interleaved deferred shading of interleaved sample patterns},
  author={Segovia, Benjamin and Iehl, Jean Claude and Mitanchey, Richard and P{\'e}roche, Bernard},
  booktitle={SIGGRAPH/EUROGRAPHICS Conference on Graphics Hardware: Proceedings of the 21 st ACM SIGGRAPH/Eurographics symposium on Graphics hardware: Vienna, Austria},
  volume={3},
  number={04},
  pages={53--60},
  year={2006}
}



@article {tokuyoshi2015vsgl,
author = {Tokuyoshi, Yusuke},
title = {Virtual Spherical Gaussian Lights for Real-time Glossy Indirect Illumination},
journal = {Computer Graphics Forum},
volume = {34},
number = {7},
issn = {1467-8659},
url = {http://dx.doi.org/10.1111/cgf.12748},
doi = {10.1111/cgf.12748},
pages = {89--98},
keywords = {Categories and Subject Descriptors (according to ACM CCS), I.3.7 [Computer Graphics]: Three-Dimensional Graphics and Realismâ€”Color, shading, shadowing, and texture},
year = {2015},
}

@inproceedings{novak2011screen,
  title={Screen-space bias compensation for interactive high-quality global illumination with virtual point lights},
  author={Nov{\'a}k, Jan and Engelhardt, Thomas and Dachsbacher, Carsten},
  booktitle={Symposium on Interactive 3D Graphics and Games},
  pages={119--124},
  year={2011},
  organization={ACM}
}

@inproceedings{olsson2012clustered,
 author = {Olsson, Ola and Billeter, Markus and Assarsson, Ulf},
 title = {Clustered Deferred and Forward Shading},
 booktitle = {Proceedings of the Fourth ACM SIGGRAPH / Eurographics Conference on High-Performance Graphics},
 series = {EGGH-HPG'12},
 year = {2012},
 isbn = {978-3-905674-41-5},
 location = {Paris, France},
 pages = {87--96},
 numpages = {10},
 url = {http://dx.doi.org/10.2312/EGGH/HPG12/087-096},
 doi = {10.2312/EGGH/HPG12/087-096},
 acmid = {2383809},
 publisher = {Eurographics Association},
 address = {Aire-la-Ville, Switzerland, Switzerland},
} 


